<record><leader>00000cas a22000007a 4500</leader><controlfield tag="001">22256584</controlfield><controlfield tag="008">900822d19391945mnuin ne      0    0eng d</controlfield><datafield ind1=" " ind2=" " tag="010"><subfield code="a">sn 90060214 </subfield></datafield><datafield ind1=" " ind2=" " tag="040"><subfield code="a">MN#</subfield><subfield code="b">eng</subfield><subfield code="c">MN#</subfield><subfield code="d">OCLCQ</subfield></datafield><datafield ind1=" " ind2=" " tag="042"><subfield code="a">msc</subfield></datafield><datafield ind1=" " ind2=" " tag="043"><subfield code="a">n-us-mn</subfield></datafield><datafield ind1=" " ind2=" " tag="052"><subfield code="a">4144</subfield><subfield code="b">M88</subfield></datafield><datafield ind1=" " ind2=" " tag="052"><subfield code="a">4143</subfield><subfield code="b">H4</subfield></datafield><datafield ind1="0" ind2="4" tag="245"><subfield code="a">The MCHS broadcaster.</subfield></datafield><datafield ind1="3" ind2="0" tag="246"><subfield code="a">Mound consolidated High School broadcaster</subfield></datafield><datafield ind1=" " ind2=" " tag="260"><subfield code="a">Mound, Minn. :</subfield><subfield code="b">[Mound Consolidated High School]</subfield></datafield><datafield ind1=" " ind2=" " tag="300"><subfield code="a">v.</subfield></datafield><datafield ind1=" " ind2=" " tag="310"><subfield code="a">Triweekly (during school year),</subfield><subfield code="b">&lt;Jan. 23, 1943-Jan. 26, 1945&gt;</subfield></datafield><datafield ind1=" " ind2=" " tag="321"><subfield code="a">Biweekly (during school year),</subfield><subfield code="b">&lt;Nov. 24, 1939-May 22, 1942&gt;</subfield></datafield><datafield ind1="1" ind2=" " tag="362"><subfield code="a">Began in 1939? Ceased in 1945.</subfield></datafield><datafield ind1=" " ind2=" " tag="530"><subfield code="a">Available on microfilm from the Minnesota Historical Society.</subfield></datafield><datafield ind1=" " ind2=" " tag="588"><subfield code="a">Description based on: Vol. 1, no. 5 (Nov. 24, 1939).</subfield></datafield><datafield ind1=" " ind2=" " tag="752"><subfield code="a">United States</subfield><subfield code="b">Minnesota</subfield><subfield code="c">Hennepin</subfield><subfield code="d">Mound.</subfield></datafield><datafield ind1="0" ind2="0" tag="785"><subfield code="t">Broadcaster (Mound, Minn.)</subfield><subfield code="w">(DLC)sn 90060215</subfield></datafield></record>